

@inproceedings{DBLP:conf/tacas/DijkP15,
  author =        {Tom van Dijk and Jaco C. van de Pol},
  booktitle =     {{TACAS} 2015},
  pages =         {677--691},
  title =         {{Sylvan: Multi-Core Decision Diagrams}},
  year =          {2015},
}

@inproceedings{DBLP:conf/atva/WimmerHHSB06,
  author =        {Ralf Wimmer and Marc Herbstritt and Holger Hermanns and
                   Kelley Strampp and Bernd Becker},
  booktitle =     {ATVA},
  pages =         {477--492},
  publisher =     {Springer},
  series =        {LNCS},
  title =         {{Sigref- A Symbolic Bisimulation Tool Box}},
  volume =        {4218},
  year =          {2006},
  isbn =          {3-540-47237-1},
}

@inproceedings{DBLP:conf/tacas/KantLMPBD15,
  author =        {Gijs Kant and Alfons Laarman and Jeroen Meijer and
                   Jaco C. van de Pol and Stefan Blom and Tom van Dijk},
  booktitle =     {{TACAS} 2015},
  pages =         {692--707},
  title =         {{LTSmin: High-Performance Language-Independent Model
                   Checking}},
  year =          {2015},
}

@inproceedings{DBLP:conf/tacas/DijkP16,
  author =        {Tom van Dijk and Jaco C. van de Pol},
  booktitle =     {{TACAS} 2016},
  note =          {In submission},
  title =         {{Multi-Core Symbolic Bisimulation Minimisation}},
  year =          {2016},
}

@article{DBLP:journals/entcs/BlomO03,
  author =        {Stefan Blom and Simona Orzan},
  journal =       {ENTCS},
  number =        {1},
  pages =         {99--113},
  title =         {{Distributed Branching Bisimulation Reduction of
                   State Spaces}},
  volume =        {89},
  year =          {2003},
}

@inproceedings{DBLP:conf/glvlsi/WimmerHB07,
  author =        {Ralf Wimmer and Marc Herbstritt and Bernd Becker},
  booktitle =     {17th {GLSVLSI}},
  pages =         {405--410},
  publisher =     {{ACM}},
  title =         {{Optimization techniques for BDD-based bisimulation
                   computation}},
  year =          {2007},
  isbn =          {978-1-59593-605-9},
}

@inproceedings{DBLP:conf/fmco/HermannsK09,
  author =        {Holger Hermanns and Joost{-}Pieter Katoen},
  booktitle =     {8th Intl. Symp. Formal Methods for Components and
                   Objects},
  pages =         {311--337},
  publisher =     {Springer},
  series =        {LNCS},
  title =         {{The How and Why of Interactive Markov Chains}},
  volume =        {6286},
  year =          {2009},
}

@techreport{atr16,
  author =        {Ralf Wimmer and Holger Hermanns and Marc Herbstritt and
                   Bernd Becker},
  institution =   {SFB/TR 14 AVACS},
  title =         {{Towards Symbolic Stochastic Aggregation}},
  year =          {2007},
}

@inproceedings{DBLP:conf/mmb/WimmerB10,
  author =        {Ralf Wimmer and Bernd Becker},
  booktitle =     {MMB{\&}DFT},
  pages =         {287--301},
  publisher =     {Springer},
  series =        {LNCS},
  title =         {{Correctness Issues of Symbolic Bisimulation
                   Computation for Markov Chains}},
  volume =        {5987},
  year =          {2010},
}

@article{DBLP:journals/cacm/Pugh90,
  author =        {William Pugh},
  journal =       {Commun. {ACM}},
  number =        {6},
  pages =         {668--676},
  title =         {Skip Lists: {A} Probabilistic Alternative to Balanced
                   Trees},
  volume =        {33},
  year =          {1990},
}

